[gd_scene load_steps=14 format=2]

[ext_resource path="res://puzzles/Sudoku/SudokuTest.gd" type="Script" id=1]
[ext_resource path="res://bgm/SPKR.ogg" type="AudioStream" id=2]
[ext_resource path="res://theme resources/collegedash-background.png" type="Texture" id=3]
[ext_resource path="res://puzzles/Sudoku/SudokuSquare.svg" type="Texture" id=4]
[ext_resource path="res://theme resources/audiowide-title.tres" type="DynamicFont" id=5]
[ext_resource path="res://puzzles/Sudoku/bitter-res.tres" type="DynamicFont" id=6]
[ext_resource path="res://theme resources/dash_theme.tres" type="Theme" id=7]
[ext_resource path="res://theme resources/Bitter-Button-Font.tres" type="DynamicFont" id=8]
[ext_resource path="res://assets/SFX/PuzzleStart.ogg" type="AudioStream" id=9]
[ext_resource path="res://assets/SFX/PuzzleFailed.ogg" type="AudioStream" id=10]
[ext_resource path="res://assets/SFX/PuzzleSolved.ogg" type="AudioStream" id=11]
[ext_resource path="res://assets/SFX/Pop!.ogg" type="AudioStream" id=12]
[ext_resource path="res://assets/SFX/select.ogg" type="AudioStream" id=13]

[node name="Node2D" type="CanvasLayer"]

layer = 10
offset = Vector2( 300, 0 )
rotation = 0.0
scale = Vector2( 1, 1 )
transform = Transform2D( 1, 0, 0, 1, 300, 0 )
script = ExtResource( 1 )

[node name="SPKR-SudokuMusic" type="AudioStreamPlayer" parent="." index="0"]

stream = ExtResource( 2 )
volume_db = 0.0
autoplay = false
mix_target = 0
bus = "BGM"

[node name="Camera2D" type="Camera2D" parent="." index="1"]

anchor_mode = 0
rotating = false
current = true
zoom = Vector2( 1, 1 )
limit_left = 0
limit_top = 0
limit_right = 1024
limit_bottom = 768
limit_smoothed = false
drag_margin_h_enabled = true
drag_margin_v_enabled = true
smoothing_enabled = false
smoothing_speed = 5.0
offset_v = 0.0
offset_h = 0.0
drag_margin_left = 0.2
drag_margin_top = 0.2
drag_margin_right = 0.2
drag_margin_bottom = 0.2
editor_draw_screen = true
editor_draw_limits = true
editor_draw_drag_margin = true
_sections_unfolded = [ "Drag Margin", "Editor", "Limit", "Offset", "Smoothing", "Visibility" ]

[node name="Background" type="Sprite" parent="." index="2"]

position = Vector2( 481.881, 372.432 )
scale = Vector2( 0.5, 0.5 )
texture = ExtResource( 3 )
_sections_unfolded = [ "Transform" ]

[node name="SSquare1" type="Sprite" parent="." index="3"]

position = Vector2( 380, 100 )
scale = Vector2( 3, 3 )
texture = ExtResource( 4 )
centered = false
region_rect = Rect2( 0, 0, 25, 25 )
_sections_unfolded = [ "Material", "Offset", "Region", "Transform", "Visibility" ]

[node name="Label" type="Button" parent="SSquare1" index="0"]

anchor_left = 0.0
anchor_top = 0.0
anchor_right = 0.0
anchor_bottom = 0.0
margin_left = 5.0
margin_top = 1.0
margin_right = 91.0
margin_bottom = 115.0
rect_scale = Vector2( 0.25, 0.25 )
rect_pivot_offset = Vector2( 0, 0 )
rect_clip_content = false
focus_mode = 2
mouse_filter = 0
mouse_default_cursor_shape = 2
size_flags_horizontal = 1
size_flags_vertical = 4
custom_fonts/font = ExtResource( 5 )
toggle_mode = false
enabled_focus_mode = 2
shortcut = null
group = null
text = "0"
flat = true
align = 1
_sections_unfolded = [ "Focus", "Mouse", "Rect", "Textures", "custom_fonts" ]

[node name="SSquare7" type="Sprite" parent="." index="4"]

position = Vector2( 380, 180 )
scale = Vector2( 3, 3 )
texture = ExtResource( 4 )
centered = false
region_rect = Rect2( 0, 0, 25, 25 )
_sections_unfolded = [ "Material", "Offset", "Region", "Transform", "Visibility" ]

[node name="Label" type="Button" parent="SSquare7" index="0"]

anchor_left = 0.0
anchor_top = 0.0
anchor_right = 0.0
anchor_bottom = 0.0
margin_left = 3.0
margin_right = 96.0
margin_bottom = 120.0
rect_scale = Vector2( 0.25, 0.25 )
rect_pivot_offset = Vector2( 0, 0 )
rect_clip_content = false
focus_mode = 2
mouse_filter = 0
mouse_default_cursor_shape = 2
size_flags_horizontal = 1
size_flags_vertical = 4
custom_fonts/font = ExtResource( 6 )
toggle_mode = false
enabled_focus_mode = 2
shortcut = null
group = null
text = "0"
flat = true
align = 0
_sections_unfolded = [ "Focus", "Mouse", "Rect", "custom_fonts" ]

[node name="SSquare13" type="Sprite" parent="." index="5"]

position = Vector2( 380, 270 )
scale = Vector2( 3, 3 )
texture = ExtResource( 4 )
centered = false
region_rect = Rect2( 0, 0, 25, 25 )
_sections_unfolded = [ "Material", "Offset", "Region", "Transform", "Visibility" ]

[node name="Label" type="Button" parent="SSquare13" index="0"]

anchor_left = 0.0
anchor_top = 0.0
anchor_right = 0.0
anchor_bottom = 0.0
margin_left = 3.0
margin_right = 22.0
margin_bottom = 26.0
rect_scale = Vector2( 0.25, 0.25 )
rect_pivot_offset = Vector2( 0, 0 )
rect_clip_content = false
focus_mode = 2
mouse_filter = 2
mouse_default_cursor_shape = 0
size_flags_horizontal = 1
size_flags_vertical = 4
custom_fonts/font = ExtResource( 6 )
toggle_mode = false
enabled_focus_mode = 2
shortcut = null
group = null
text = "0"
flat = true
align = 0
_sections_unfolded = [ "Mouse", "Rect", "custom_fonts" ]

[node name="SSquare19" type="Sprite" parent="." index="6"]

position = Vector2( 380, 350 )
scale = Vector2( 3, 3 )
texture = ExtResource( 4 )
centered = false
region_rect = Rect2( 0, 0, 25, 25 )
_sections_unfolded = [ "Material", "Offset", "Region", "Transform", "Visibility" ]

[node name="Label" type="Button" parent="SSquare19" index="0"]

anchor_left = 0.0
anchor_top = 0.0
anchor_right = 0.0
anchor_bottom = 0.0
margin_left = 3.0
margin_right = 22.0
margin_bottom = 26.0
rect_scale = Vector2( 0.25, 0.25 )
rect_pivot_offset = Vector2( 0, 0 )
rect_clip_content = false
focus_mode = 2
mouse_filter = 2
mouse_default_cursor_shape = 0
size_flags_horizontal = 1
size_flags_vertical = 4
custom_fonts/font = ExtResource( 6 )
toggle_mode = false
enabled_focus_mode = 2
shortcut = null
group = null
text = "0"
flat = true
align = 0
_sections_unfolded = [ "Rect", "custom_fonts" ]

[node name="SSquare25" type="Sprite" parent="." index="7"]

position = Vector2( 380, 440 )
scale = Vector2( 3, 3 )
texture = ExtResource( 4 )
centered = false
region_rect = Rect2( 0, 0, 25, 25 )
_sections_unfolded = [ "Material", "Offset", "Region", "Transform", "Visibility" ]

[node name="Label" type="Button" parent="SSquare25" index="0"]

anchor_left = 0.0
anchor_top = 0.0
anchor_right = 0.0
anchor_bottom = 0.0
margin_left = 3.0
margin_right = 22.0
margin_bottom = 26.0
rect_scale = Vector2( 0.25, 0.25 )
rect_pivot_offset = Vector2( 0, 0 )
rect_clip_content = false
focus_mode = 2
mouse_filter = 2
mouse_default_cursor_shape = 0
size_flags_horizontal = 1
size_flags_vertical = 4
custom_fonts/font = ExtResource( 6 )
toggle_mode = false
enabled_focus_mode = 2
shortcut = null
group = null
text = "0"
flat = true
align = 0
_sections_unfolded = [ "Rect", "custom_fonts" ]

[node name="SSquare31" type="Sprite" parent="." index="8"]

position = Vector2( 380, 520 )
scale = Vector2( 3, 3 )
texture = ExtResource( 4 )
centered = false
region_rect = Rect2( 0, 0, 25, 25 )
_sections_unfolded = [ "Material", "Offset", "Region", "Transform", "Visibility" ]

[node name="Label" type="Button" parent="SSquare31" index="0"]

anchor_left = 0.0
anchor_top = 0.0
anchor_right = 0.0
anchor_bottom = 0.0
margin_left = 3.0
margin_right = 22.0
margin_bottom = 26.0
rect_scale = Vector2( 0.25, 0.25 )
rect_pivot_offset = Vector2( 0, 0 )
rect_clip_content = false
focus_mode = 2
mouse_filter = 2
mouse_default_cursor_shape = 0
size_flags_horizontal = 1
size_flags_vertical = 4
custom_fonts/font = ExtResource( 6 )
toggle_mode = false
enabled_focus_mode = 2
shortcut = null
group = null
text = "0"
flat = true
align = 0
_sections_unfolded = [ "Rect", "custom_fonts" ]

[node name="SSquare2" type="Sprite" parent="." index="9"]

position = Vector2( 460, 100 )
scale = Vector2( 3, 3 )
texture = ExtResource( 4 )
centered = false
region_rect = Rect2( 0, 0, 25, 25 )
_sections_unfolded = [ "Material", "Offset", "Region", "Transform", "Visibility" ]

[node name="Label" type="Button" parent="SSquare2" index="0"]

anchor_left = 0.0
anchor_top = 0.0
anchor_right = 0.0
anchor_bottom = 0.0
margin_left = 2.0
margin_right = 95.0
margin_bottom = 120.0
rect_scale = Vector2( 0.25, 0.25 )
rect_pivot_offset = Vector2( 0, 0 )
rect_clip_content = false
focus_mode = 2
mouse_filter = 2
mouse_default_cursor_shape = 0
size_flags_horizontal = 1
size_flags_vertical = 4
custom_fonts/font = ExtResource( 6 )
toggle_mode = false
enabled_focus_mode = 2
shortcut = null
group = null
text = "0"
flat = true
align = 0
_sections_unfolded = [ "Rect", "custom_fonts" ]

[node name="SSquare8" type="Sprite" parent="." index="10"]

position = Vector2( 460, 180 )
scale = Vector2( 3, 3 )
texture = ExtResource( 4 )
centered = false
region_rect = Rect2( 0, 0, 25, 25 )
_sections_unfolded = [ "Material", "Offset", "Region", "Transform", "Visibility" ]

[node name="Label" type="Button" parent="SSquare8" index="0"]

anchor_left = 0.0
anchor_top = 0.0
anchor_right = 0.0
anchor_bottom = 0.0
margin_left = 3.0
margin_right = 22.0
margin_bottom = 26.0
rect_scale = Vector2( 0.25, 0.25 )
rect_pivot_offset = Vector2( 0, 0 )
rect_clip_content = false
focus_mode = 2
mouse_filter = 2
mouse_default_cursor_shape = 0
size_flags_horizontal = 1
size_flags_vertical = 4
custom_fonts/font = ExtResource( 6 )
toggle_mode = false
enabled_focus_mode = 2
shortcut = null
group = null
text = "0"
flat = true
align = 0
_sections_unfolded = [ "Rect", "custom_fonts" ]

[node name="SSquare14" type="Sprite" parent="." index="11"]

position = Vector2( 460, 270 )
scale = Vector2( 3, 3 )
texture = ExtResource( 4 )
centered = false
region_rect = Rect2( 0, 0, 25, 25 )
_sections_unfolded = [ "Material", "Offset", "Region", "Transform", "Visibility" ]

[node name="Label" type="Button" parent="SSquare14" index="0"]

anchor_left = 0.0
anchor_top = 0.0
anchor_right = 0.0
anchor_bottom = 0.0
margin_left = 3.0
margin_right = 84.0
margin_bottom = 114.0
rect_scale = Vector2( 0.25, 0.25 )
rect_pivot_offset = Vector2( 0, 0 )
rect_clip_content = false
focus_mode = 2
mouse_filter = 2
mouse_default_cursor_shape = 0
size_flags_horizontal = 1
size_flags_vertical = 4
custom_fonts/font = ExtResource( 5 )
toggle_mode = false
enabled_focus_mode = 2
shortcut = null
group = null
text = "0"
flat = true
align = 1
_sections_unfolded = [ "Rect", "custom_fonts" ]

[node name="SSquare20" type="Sprite" parent="." index="12"]

position = Vector2( 460, 350 )
scale = Vector2( 3, 3 )
texture = ExtResource( 4 )
centered = false
region_rect = Rect2( 0, 0, 25, 25 )
_sections_unfolded = [ "Material", "Offset", "Region", "Transform", "Visibility" ]

[node name="Label" type="Button" parent="SSquare20" index="0"]

anchor_left = 0.0
anchor_top = 0.0
anchor_right = 0.0
anchor_bottom = 0.0
margin_left = 3.0
margin_right = 22.0
margin_bottom = 26.0
rect_scale = Vector2( 0.25, 0.25 )
rect_pivot_offset = Vector2( 0, 0 )
rect_clip_content = false
focus_mode = 2
mouse_filter = 2
mouse_default_cursor_shape = 0
size_flags_horizontal = 1
size_flags_vertical = 4
custom_fonts/font = ExtResource( 6 )
toggle_mode = false
enabled_focus_mode = 2
shortcut = null
group = null
text = "0"
flat = true
align = 0
_sections_unfolded = [ "Rect", "custom_fonts" ]

[node name="SSquare26" type="Sprite" parent="." index="13"]

position = Vector2( 460, 440 )
scale = Vector2( 3, 3 )
texture = ExtResource( 4 )
centered = false
region_rect = Rect2( 0, 0, 25, 25 )
_sections_unfolded = [ "Material", "Offset", "Region", "Transform", "Visibility" ]

[node name="Label" type="Button" parent="SSquare26" index="0"]

anchor_left = 0.0
anchor_top = 0.0
anchor_right = 0.0
anchor_bottom = 0.0
margin_left = 3.0
margin_right = 22.0
margin_bottom = 26.0
rect_scale = Vector2( 0.25, 0.25 )
rect_pivot_offset = Vector2( 0, 0 )
rect_clip_content = false
focus_mode = 2
mouse_filter = 2
mouse_default_cursor_shape = 0
size_flags_horizontal = 1
size_flags_vertical = 4
custom_fonts/font = ExtResource( 6 )
toggle_mode = false
enabled_focus_mode = 2
shortcut = null
group = null
text = "0"
flat = true
align = 0
_sections_unfolded = [ "Rect", "custom_fonts" ]

[node name="SSquare32" type="Sprite" parent="." index="14"]

position = Vector2( 460, 520 )
scale = Vector2( 3, 3 )
texture = ExtResource( 4 )
centered = false
region_rect = Rect2( 0, 0, 25, 25 )
_sections_unfolded = [ "Material", "Offset", "Region", "Transform", "Visibility" ]

[node name="Label" type="Button" parent="SSquare32" index="0"]

anchor_left = 0.0
anchor_top = 0.0
anchor_right = 0.0
anchor_bottom = 0.0
margin_left = 3.0
margin_right = 22.0
margin_bottom = 26.0
rect_scale = Vector2( 0.25, 0.25 )
rect_pivot_offset = Vector2( 0, 0 )
rect_clip_content = false
focus_mode = 2
mouse_filter = 2
mouse_default_cursor_shape = 0
size_flags_horizontal = 1
size_flags_vertical = 4
custom_fonts/font = ExtResource( 6 )
toggle_mode = false
enabled_focus_mode = 2
shortcut = null
group = null
text = "0"
flat = true
align = 0
_sections_unfolded = [ "Rect", "custom_fonts" ]

[node name="SSquare3" type="Sprite" parent="." index="15"]

position = Vector2( 540, 100 )
scale = Vector2( 3, 3 )
texture = ExtResource( 4 )
centered = false
region_rect = Rect2( 0, 0, 25, 25 )
_sections_unfolded = [ "Material", "Offset", "Region", "Transform", "Visibility" ]

[node name="Label" type="Button" parent="SSquare3" index="0"]

anchor_left = 0.0
anchor_top = 0.0
anchor_right = 0.0
anchor_bottom = 0.0
margin_left = 3.0
margin_right = 96.0
margin_bottom = 120.0
rect_scale = Vector2( 0.25, 0.25 )
rect_pivot_offset = Vector2( 0, 0 )
rect_clip_content = false
focus_mode = 2
mouse_filter = 2
mouse_default_cursor_shape = 0
size_flags_horizontal = 1
size_flags_vertical = 4
custom_fonts/font = ExtResource( 6 )
toggle_mode = false
enabled_focus_mode = 2
shortcut = null
group = null
text = "0"
flat = true
align = 0
_sections_unfolded = [ "Rect", "custom_fonts" ]

[node name="SSquare9" type="Sprite" parent="." index="16"]

position = Vector2( 540, 180 )
scale = Vector2( 3, 3 )
texture = ExtResource( 4 )
centered = false
region_rect = Rect2( 0, 0, 25, 25 )
_sections_unfolded = [ "Material", "Offset", "Region", "Transform", "Visibility" ]

[node name="Label" type="Button" parent="SSquare9" index="0"]

anchor_left = 0.0
anchor_top = 0.0
anchor_right = 0.0
anchor_bottom = 0.0
margin_left = 3.0
margin_right = 22.0
margin_bottom = 26.0
rect_scale = Vector2( 0.25, 0.25 )
rect_pivot_offset = Vector2( 0, 0 )
rect_clip_content = false
focus_mode = 2
mouse_filter = 2
mouse_default_cursor_shape = 0
size_flags_horizontal = 1
size_flags_vertical = 4
custom_fonts/font = ExtResource( 6 )
toggle_mode = false
enabled_focus_mode = 2
shortcut = null
group = null
text = "0"
flat = true
align = 0
_sections_unfolded = [ "Rect", "custom_fonts" ]

[node name="SSquare15" type="Sprite" parent="." index="17"]

position = Vector2( 540, 270 )
scale = Vector2( 3, 3 )
texture = ExtResource( 4 )
centered = false
region_rect = Rect2( 0, 0, 25, 25 )
_sections_unfolded = [ "Material", "Offset", "Region", "Transform", "Visibility" ]

[node name="Label" type="Button" parent="SSquare15" index="0"]

anchor_left = 0.0
anchor_top = 0.0
anchor_right = 0.0
anchor_bottom = 0.0
margin_left = 3.0
margin_right = 84.0
margin_bottom = 114.0
rect_scale = Vector2( 0.25, 0.25 )
rect_pivot_offset = Vector2( 0, 0 )
rect_clip_content = false
focus_mode = 2
mouse_filter = 2
mouse_default_cursor_shape = 0
size_flags_horizontal = 1
size_flags_vertical = 4
custom_fonts/font = ExtResource( 6 )
toggle_mode = false
enabled_focus_mode = 2
shortcut = null
group = null
text = "0"
flat = true
align = 0
_sections_unfolded = [ "Rect", "custom_fonts" ]

[node name="SSquare21" type="Sprite" parent="." index="18"]

position = Vector2( 540, 350 )
scale = Vector2( 3, 3 )
texture = ExtResource( 4 )
centered = false
region_rect = Rect2( 0, 0, 25, 25 )
_sections_unfolded = [ "Material", "Offset", "Region", "Transform", "Visibility" ]

[node name="Label" type="Button" parent="SSquare21" index="0"]

anchor_left = 0.0
anchor_top = 0.0
anchor_right = 0.0
anchor_bottom = 0.0
margin_left = 3.0
margin_right = 22.0
margin_bottom = 26.0
rect_scale = Vector2( 0.25, 0.25 )
rect_pivot_offset = Vector2( 0, 0 )
rect_clip_content = false
focus_mode = 2
mouse_filter = 2
mouse_default_cursor_shape = 0
size_flags_horizontal = 1
size_flags_vertical = 4
custom_fonts/font = ExtResource( 6 )
toggle_mode = false
enabled_focus_mode = 2
shortcut = null
group = null
text = "0"
flat = true
align = 0
_sections_unfolded = [ "Rect", "custom_fonts" ]

[node name="SSquare27" type="Sprite" parent="." index="19"]

position = Vector2( 540, 440 )
scale = Vector2( 3, 3 )
texture = ExtResource( 4 )
centered = false
region_rect = Rect2( 0, 0, 25, 25 )
_sections_unfolded = [ "Material", "Offset", "Region", "Transform", "Visibility" ]

[node name="Label" type="Button" parent="SSquare27" index="0"]

anchor_left = 0.0
anchor_top = 0.0
anchor_right = 0.0
anchor_bottom = 0.0
margin_left = 3.0
margin_right = 22.0
margin_bottom = 26.0
rect_scale = Vector2( 0.25, 0.25 )
rect_pivot_offset = Vector2( 0, 0 )
rect_clip_content = false
focus_mode = 2
mouse_filter = 2
mouse_default_cursor_shape = 0
size_flags_horizontal = 1
size_flags_vertical = 4
custom_fonts/font = ExtResource( 6 )
toggle_mode = false
enabled_focus_mode = 2
shortcut = null
group = null
text = "0"
flat = true
align = 0
_sections_unfolded = [ "Rect", "custom_fonts" ]

[node name="SSquare33" type="Sprite" parent="." index="20"]

position = Vector2( 540, 520 )
scale = Vector2( 3, 3 )
texture = ExtResource( 4 )
centered = false
region_rect = Rect2( 0, 0, 25, 25 )
_sections_unfolded = [ "Material", "Offset", "Region", "Transform", "Visibility" ]

[node name="Label" type="Button" parent="SSquare33" index="0"]

anchor_left = 0.0
anchor_top = 0.0
anchor_right = 0.0
anchor_bottom = 0.0
margin_left = 3.0
margin_right = 22.0
margin_bottom = 26.0
rect_scale = Vector2( 0.25, 0.25 )
rect_pivot_offset = Vector2( 0, 0 )
rect_clip_content = false
focus_mode = 2
mouse_filter = 2
mouse_default_cursor_shape = 0
size_flags_horizontal = 1
size_flags_vertical = 4
custom_fonts/font = ExtResource( 6 )
toggle_mode = false
enabled_focus_mode = 2
shortcut = null
group = null
text = "0"
flat = true
align = 0
_sections_unfolded = [ "Rect", "custom_fonts" ]

[node name="SSquare4" type="Sprite" parent="." index="21"]

position = Vector2( 630, 100 )
scale = Vector2( 3, 3 )
texture = ExtResource( 4 )
centered = false
region_rect = Rect2( 0, 0, 25, 25 )
_sections_unfolded = [ "Material", "Offset", "Region", "Transform", "Visibility" ]

[node name="Label" type="Button" parent="SSquare4" index="0"]

anchor_left = 0.0
anchor_top = 0.0
anchor_right = 0.0
anchor_bottom = 0.0
margin_left = 3.0
margin_right = 84.0
margin_bottom = 114.0
rect_scale = Vector2( 0.25, 0.25 )
rect_pivot_offset = Vector2( 0, 0 )
rect_clip_content = false
focus_mode = 2
mouse_filter = 2
mouse_default_cursor_shape = 0
size_flags_horizontal = 1
size_flags_vertical = 4
custom_fonts/font = ExtResource( 6 )
toggle_mode = false
enabled_focus_mode = 2
shortcut = null
group = null
text = "0"
flat = true
align = 0
_sections_unfolded = [ "Rect", "custom_fonts" ]

[node name="SSquare10" type="Sprite" parent="." index="22"]

position = Vector2( 630, 180 )
scale = Vector2( 3, 3 )
texture = ExtResource( 4 )
centered = false
region_rect = Rect2( 0, 0, 25, 25 )
_sections_unfolded = [ "Material", "Offset", "Region", "Transform", "Visibility" ]

[node name="Label" type="Button" parent="SSquare10" index="0"]

anchor_left = 0.0
anchor_top = 0.0
anchor_right = 0.0
anchor_bottom = 0.0
margin_left = 3.0
margin_right = 22.0
margin_bottom = 26.0
rect_scale = Vector2( 0.25, 0.25 )
rect_pivot_offset = Vector2( 0, 0 )
rect_clip_content = false
focus_mode = 2
mouse_filter = 2
mouse_default_cursor_shape = 0
size_flags_horizontal = 1
size_flags_vertical = 4
custom_fonts/font = ExtResource( 6 )
toggle_mode = false
enabled_focus_mode = 2
shortcut = null
group = null
text = "0"
flat = true
align = 0
_sections_unfolded = [ "Rect", "custom_fonts" ]

[node name="SSquare16" type="Sprite" parent="." index="23"]

position = Vector2( 630, 270 )
scale = Vector2( 3, 3 )
texture = ExtResource( 4 )
centered = false
region_rect = Rect2( 0, 0, 25, 25 )
_sections_unfolded = [ "Material", "Offset", "Region", "Transform", "Visibility" ]

[node name="Label" type="Button" parent="SSquare16" index="0"]

anchor_left = 0.0
anchor_top = 0.0
anchor_right = 0.0
anchor_bottom = 0.0
margin_left = 3.0
margin_right = 22.0
margin_bottom = 26.0
rect_scale = Vector2( 0.25, 0.25 )
rect_pivot_offset = Vector2( 0, 0 )
rect_clip_content = false
focus_mode = 2
mouse_filter = 2
mouse_default_cursor_shape = 0
size_flags_horizontal = 1
size_flags_vertical = 4
custom_fonts/font = ExtResource( 6 )
toggle_mode = false
enabled_focus_mode = 2
shortcut = null
group = null
text = "0"
flat = true
align = 0
_sections_unfolded = [ "Rect", "custom_fonts" ]

[node name="SSquare22" type="Sprite" parent="." index="24"]

position = Vector2( 630, 350 )
scale = Vector2( 3, 3 )
texture = ExtResource( 4 )
centered = false
region_rect = Rect2( 0, 0, 25, 25 )
_sections_unfolded = [ "Material", "Offset", "Region", "Transform", "Visibility" ]

[node name="Label" type="Button" parent="SSquare22" index="0"]

anchor_left = 0.0
anchor_top = 0.0
anchor_right = 0.0
anchor_bottom = 0.0
margin_left = 3.0
margin_right = 22.0
margin_bottom = 26.0
rect_scale = Vector2( 0.25, 0.25 )
rect_pivot_offset = Vector2( 0, 0 )
rect_clip_content = false
focus_mode = 2
mouse_filter = 2
mouse_default_cursor_shape = 0
size_flags_horizontal = 1
size_flags_vertical = 4
custom_fonts/font = ExtResource( 6 )
toggle_mode = false
enabled_focus_mode = 2
shortcut = null
group = null
text = "0"
flat = true
align = 0
_sections_unfolded = [ "Rect", "custom_fonts" ]

[node name="SSquare28" type="Sprite" parent="." index="25"]

position = Vector2( 630, 440 )
scale = Vector2( 3, 3 )
texture = ExtResource( 4 )
centered = false
region_rect = Rect2( 0, 0, 25, 25 )
_sections_unfolded = [ "Material", "Offset", "Region", "Transform", "Visibility" ]

[node name="Label" type="Button" parent="SSquare28" index="0"]

anchor_left = 0.0
anchor_top = 0.0
anchor_right = 0.0
anchor_bottom = 0.0
margin_left = 3.0
margin_right = 22.0
margin_bottom = 26.0
rect_scale = Vector2( 0.25, 0.25 )
rect_pivot_offset = Vector2( 0, 0 )
rect_clip_content = false
focus_mode = 2
mouse_filter = 2
mouse_default_cursor_shape = 0
size_flags_horizontal = 1
size_flags_vertical = 4
custom_fonts/font = ExtResource( 6 )
toggle_mode = false
enabled_focus_mode = 2
shortcut = null
group = null
text = "0"
flat = true
align = 0
_sections_unfolded = [ "Rect", "custom_fonts" ]

[node name="SSquare34" type="Sprite" parent="." index="26"]

position = Vector2( 630, 520 )
scale = Vector2( 3, 3 )
texture = ExtResource( 4 )
centered = false
region_rect = Rect2( 0, 0, 25, 25 )
_sections_unfolded = [ "Material", "Offset", "Region", "Transform", "Visibility" ]

[node name="Label" type="Button" parent="SSquare34" index="0"]

anchor_left = 0.0
anchor_top = 0.0
anchor_right = 0.0
anchor_bottom = 0.0
margin_left = 3.0
margin_right = 22.0
margin_bottom = 26.0
rect_scale = Vector2( 0.25, 0.25 )
rect_pivot_offset = Vector2( 0, 0 )
rect_clip_content = false
focus_mode = 2
mouse_filter = 2
mouse_default_cursor_shape = 0
size_flags_horizontal = 1
size_flags_vertical = 4
custom_fonts/font = ExtResource( 6 )
toggle_mode = false
enabled_focus_mode = 2
shortcut = null
group = null
text = "0"
flat = true
align = 0
_sections_unfolded = [ "Rect", "custom_fonts" ]

[node name="SSquare5" type="Sprite" parent="." index="27"]

position = Vector2( 710, 100 )
scale = Vector2( 3, 3 )
texture = ExtResource( 4 )
centered = false
region_rect = Rect2( 0, 0, 25, 25 )
_sections_unfolded = [ "Material", "Offset", "Region", "Transform", "Visibility" ]

[node name="Label" type="Button" parent="SSquare5" index="0"]

anchor_left = 0.0
anchor_top = 0.0
anchor_right = 0.0
anchor_bottom = 0.0
margin_left = 3.0
margin_right = 84.0
margin_bottom = 114.0
rect_scale = Vector2( 0.25, 0.25 )
rect_pivot_offset = Vector2( 0, 0 )
rect_clip_content = false
focus_mode = 2
mouse_filter = 2
mouse_default_cursor_shape = 0
size_flags_horizontal = 1
size_flags_vertical = 4
custom_fonts/font = ExtResource( 6 )
toggle_mode = false
enabled_focus_mode = 2
shortcut = null
group = null
text = "0"
flat = true
align = 0
_sections_unfolded = [ "Rect", "custom_fonts" ]

[node name="SSquare11" type="Sprite" parent="." index="28"]

position = Vector2( 710, 180 )
scale = Vector2( 3, 3 )
texture = ExtResource( 4 )
centered = false
region_rect = Rect2( 0, 0, 25, 25 )
_sections_unfolded = [ "Material", "Offset", "Region", "Transform", "Visibility" ]

[node name="Label" type="Button" parent="SSquare11" index="0"]

anchor_left = 0.0
anchor_top = 0.0
anchor_right = 0.0
anchor_bottom = 0.0
margin_left = 3.0
margin_right = 22.0
margin_bottom = 26.0
rect_scale = Vector2( 0.25, 0.25 )
rect_pivot_offset = Vector2( 0, 0 )
rect_clip_content = false
focus_mode = 2
mouse_filter = 2
mouse_default_cursor_shape = 0
size_flags_horizontal = 1
size_flags_vertical = 4
custom_fonts/font = ExtResource( 6 )
toggle_mode = false
enabled_focus_mode = 2
shortcut = null
group = null
text = "0"
flat = true
align = 0
_sections_unfolded = [ "Rect", "custom_fonts" ]

[node name="SSquare17" type="Sprite" parent="." index="29"]

position = Vector2( 710, 270 )
scale = Vector2( 3, 3 )
texture = ExtResource( 4 )
centered = false
region_rect = Rect2( 0, 0, 25, 25 )
_sections_unfolded = [ "Material", "Offset", "Region", "Transform", "Visibility" ]

[node name="Label" type="Button" parent="SSquare17" index="0"]

anchor_left = 0.0
anchor_top = 0.0
anchor_right = 0.0
anchor_bottom = 0.0
margin_left = 3.0
margin_right = 84.0
margin_bottom = 114.0
rect_scale = Vector2( 0.25, 0.25 )
rect_pivot_offset = Vector2( 0, 0 )
rect_clip_content = false
focus_mode = 2
mouse_filter = 2
mouse_default_cursor_shape = 0
size_flags_horizontal = 1
size_flags_vertical = 4
custom_fonts/font = ExtResource( 6 )
toggle_mode = false
enabled_focus_mode = 2
shortcut = null
group = null
text = "0"
flat = true
align = 0
_sections_unfolded = [ "Rect", "custom_fonts" ]

[node name="SSquare23" type="Sprite" parent="." index="30"]

position = Vector2( 710, 350 )
scale = Vector2( 3, 3 )
texture = ExtResource( 4 )
centered = false
region_rect = Rect2( 0, 0, 25, 25 )
_sections_unfolded = [ "Material", "Offset", "Region", "Transform", "Visibility" ]

[node name="Label" type="Button" parent="SSquare23" index="0"]

anchor_left = 0.0
anchor_top = 0.0
anchor_right = 0.0
anchor_bottom = 0.0
margin_left = 3.0
margin_right = 22.0
margin_bottom = 26.0
rect_scale = Vector2( 0.25, 0.25 )
rect_pivot_offset = Vector2( 0, 0 )
rect_clip_content = false
focus_mode = 2
mouse_filter = 2
mouse_default_cursor_shape = 0
size_flags_horizontal = 1
size_flags_vertical = 4
custom_fonts/font = ExtResource( 6 )
toggle_mode = false
enabled_focus_mode = 2
shortcut = null
group = null
text = "0"
flat = true
align = 0
_sections_unfolded = [ "Rect", "custom_fonts" ]

[node name="SSquare29" type="Sprite" parent="." index="31"]

position = Vector2( 710, 440 )
scale = Vector2( 3, 3 )
texture = ExtResource( 4 )
centered = false
region_rect = Rect2( 0, 0, 25, 25 )
_sections_unfolded = [ "Material", "Offset", "Region", "Transform", "Visibility" ]

[node name="Label" type="Button" parent="SSquare29" index="0"]

anchor_left = 0.0
anchor_top = 0.0
anchor_right = 0.0
anchor_bottom = 0.0
margin_left = 3.0
margin_right = 22.0
margin_bottom = 26.0
rect_scale = Vector2( 0.25, 0.25 )
rect_pivot_offset = Vector2( 0, 0 )
rect_clip_content = false
focus_mode = 2
mouse_filter = 2
mouse_default_cursor_shape = 0
size_flags_horizontal = 1
size_flags_vertical = 4
custom_fonts/font = ExtResource( 6 )
toggle_mode = false
enabled_focus_mode = 2
shortcut = null
group = null
text = "0"
flat = true
align = 0
_sections_unfolded = [ "Rect", "custom_fonts" ]

[node name="SSquare35" type="Sprite" parent="." index="32"]

position = Vector2( 710, 520 )
scale = Vector2( 3, 3 )
texture = ExtResource( 4 )
centered = false
region_rect = Rect2( 0, 0, 25, 25 )
_sections_unfolded = [ "Material", "Offset", "Region", "Transform", "Visibility" ]

[node name="Label" type="Button" parent="SSquare35" index="0"]

anchor_left = 0.0
anchor_top = 0.0
anchor_right = 0.0
anchor_bottom = 0.0
margin_left = 3.0
margin_right = 22.0
margin_bottom = 26.0
rect_scale = Vector2( 0.25, 0.25 )
rect_pivot_offset = Vector2( 0, 0 )
rect_clip_content = false
focus_mode = 2
mouse_filter = 2
mouse_default_cursor_shape = 0
size_flags_horizontal = 1
size_flags_vertical = 4
custom_fonts/font = ExtResource( 6 )
toggle_mode = false
enabled_focus_mode = 2
shortcut = null
group = null
text = "0"
flat = true
align = 0
_sections_unfolded = [ "Rect", "custom_fonts" ]

[node name="SSquare6" type="Sprite" parent="." index="33"]

position = Vector2( 790, 100 )
scale = Vector2( 3, 3 )
texture = ExtResource( 4 )
centered = false
region_rect = Rect2( 0, 0, 25, 25 )
_sections_unfolded = [ "Material", "Offset", "Region", "Transform", "Visibility" ]

[node name="Label" type="Button" parent="SSquare6" index="0"]

anchor_left = 0.0
anchor_top = 0.0
anchor_right = 0.0
anchor_bottom = 0.0
margin_left = 3.0
margin_right = 84.0
margin_bottom = 114.0
rect_scale = Vector2( 0.25, 0.25 )
rect_pivot_offset = Vector2( 0, 0 )
rect_clip_content = false
focus_mode = 2
mouse_filter = 2
mouse_default_cursor_shape = 0
size_flags_horizontal = 1
size_flags_vertical = 4
custom_fonts/font = ExtResource( 6 )
toggle_mode = false
enabled_focus_mode = 2
shortcut = null
group = null
text = "0"
flat = true
align = 0
_sections_unfolded = [ "Rect", "custom_fonts" ]

[node name="SSquare12" type="Sprite" parent="." index="34"]

position = Vector2( 790, 180 )
scale = Vector2( 3, 3 )
texture = ExtResource( 4 )
centered = false
region_rect = Rect2( 0, 0, 25, 25 )
_sections_unfolded = [ "Material", "Offset", "Region", "Transform", "Visibility" ]

[node name="Label" type="Button" parent="SSquare12" index="0"]

anchor_left = 0.0
anchor_top = 0.0
anchor_right = 0.0
anchor_bottom = 0.0
margin_left = 3.0
margin_right = 22.0
margin_bottom = 26.0
rect_scale = Vector2( 0.25, 0.25 )
rect_pivot_offset = Vector2( 0, 0 )
rect_clip_content = false
focus_mode = 2
mouse_filter = 2
mouse_default_cursor_shape = 0
size_flags_horizontal = 1
size_flags_vertical = 4
custom_fonts/font = ExtResource( 6 )
toggle_mode = false
enabled_focus_mode = 2
shortcut = null
group = null
text = "0"
flat = true
align = 0
_sections_unfolded = [ "Rect", "custom_fonts" ]

[node name="SSquare18" type="Sprite" parent="." index="35"]

position = Vector2( 790, 270 )
scale = Vector2( 3, 3 )
texture = ExtResource( 4 )
centered = false
region_rect = Rect2( 0, 0, 25, 25 )
_sections_unfolded = [ "Material", "Offset", "Region", "Transform", "Visibility" ]

[node name="Label" type="Button" parent="SSquare18" index="0"]

anchor_left = 0.0
anchor_top = 0.0
anchor_right = 0.0
anchor_bottom = 0.0
margin_left = 3.0
margin_right = 22.0
margin_bottom = 26.0
rect_scale = Vector2( 0.25, 0.25 )
rect_pivot_offset = Vector2( 0, 0 )
rect_clip_content = false
focus_mode = 2
mouse_filter = 2
mouse_default_cursor_shape = 0
size_flags_horizontal = 1
size_flags_vertical = 4
custom_fonts/font = ExtResource( 6 )
toggle_mode = false
enabled_focus_mode = 2
shortcut = null
group = null
text = "0"
flat = true
align = 0
_sections_unfolded = [ "Rect", "custom_fonts" ]

[node name="SSquare24" type="Sprite" parent="." index="36"]

position = Vector2( 790, 350 )
scale = Vector2( 3, 3 )
texture = ExtResource( 4 )
centered = false
region_rect = Rect2( 0, 0, 25, 25 )
_sections_unfolded = [ "Material", "Offset", "Region", "Transform", "Visibility" ]

[node name="Label" type="Button" parent="SSquare24" index="0"]

anchor_left = 0.0
anchor_top = 0.0
anchor_right = 0.0
anchor_bottom = 0.0
margin_left = 3.0
margin_right = 22.0
margin_bottom = 26.0
rect_scale = Vector2( 0.25, 0.25 )
rect_pivot_offset = Vector2( 0, 0 )
rect_clip_content = false
focus_mode = 2
mouse_filter = 2
mouse_default_cursor_shape = 0
size_flags_horizontal = 1
size_flags_vertical = 4
custom_fonts/font = ExtResource( 6 )
toggle_mode = false
enabled_focus_mode = 2
shortcut = null
group = null
text = "0"
flat = true
align = 0
_sections_unfolded = [ "Rect", "custom_fonts" ]

[node name="SSquare30" type="Sprite" parent="." index="37"]

position = Vector2( 790, 440 )
scale = Vector2( 3, 3 )
texture = ExtResource( 4 )
centered = false
region_rect = Rect2( 0, 0, 25, 25 )
_sections_unfolded = [ "Material", "Offset", "Region", "Transform", "Visibility" ]

[node name="Label" type="Button" parent="SSquare30" index="0"]

anchor_left = 0.0
anchor_top = 0.0
anchor_right = 0.0
anchor_bottom = 0.0
margin_left = 3.0
margin_right = 22.0
margin_bottom = 26.0
rect_scale = Vector2( 0.25, 0.25 )
rect_pivot_offset = Vector2( 0, 0 )
rect_clip_content = false
focus_mode = 2
mouse_filter = 2
mouse_default_cursor_shape = 0
size_flags_horizontal = 1
size_flags_vertical = 4
custom_fonts/font = ExtResource( 6 )
toggle_mode = false
enabled_focus_mode = 2
shortcut = null
group = null
text = "0"
flat = true
align = 0
_sections_unfolded = [ "Rect", "custom_fonts" ]

[node name="SSquare36" type="Sprite" parent="." index="38"]

position = Vector2( 790, 520 )
scale = Vector2( 3, 3 )
texture = ExtResource( 4 )
centered = false
region_rect = Rect2( 0, 0, 25, 25 )
_sections_unfolded = [ "Material", "Offset", "Region", "Transform", "Visibility" ]

[node name="Label" type="Button" parent="SSquare36" index="0"]

anchor_left = 0.0
anchor_top = 0.0
anchor_right = 0.0
anchor_bottom = 0.0
margin_left = 3.0
margin_right = 96.0
margin_bottom = 120.0
rect_scale = Vector2( 0.25, 0.25 )
rect_pivot_offset = Vector2( 0, 0 )
rect_clip_content = false
focus_mode = 2
mouse_filter = 2
mouse_default_cursor_shape = 0
size_flags_horizontal = 1
size_flags_vertical = 4
custom_fonts/font = ExtResource( 6 )
toggle_mode = false
enabled_focus_mode = 2
shortcut = null
group = null
text = "0"
flat = true
align = 0
_sections_unfolded = [ "Rect", "custom_fonts" ]

[node name="Button" type="Button" parent="." index="39"]

anchor_left = 0.0
anchor_top = 0.0
anchor_right = 0.0
anchor_bottom = 0.0
margin_left = -200.0
margin_top = 100.0
margin_right = 23.0
margin_bottom = 150.0
rect_pivot_offset = Vector2( 0, 0 )
rect_clip_content = false
focus_mode = 2
mouse_filter = 0
mouse_default_cursor_shape = 0
size_flags_horizontal = 1
size_flags_vertical = 1
theme = ExtResource( 7 )
toggle_mode = false
enabled_focus_mode = 2
shortcut = null
group = null
text = "Check Board"
flat = false
align = 1
_sections_unfolded = [ "Margin", "Mouse", "Rect", "Theme", "custom_fonts" ]

[node name="Gotit" type="Label" parent="." index="40"]

anchor_left = 0.0
anchor_top = 0.0
anchor_right = 0.0
anchor_bottom = 0.0
margin_left = -200.0
margin_top = 150.0
margin_right = -160.0
margin_bottom = 164.0
rect_scale = Vector2( 0.5, 0.5 )
rect_pivot_offset = Vector2( 0, 0 )
rect_clip_content = false
mouse_filter = 2
mouse_default_cursor_shape = 0
size_flags_horizontal = 1
size_flags_vertical = 4
custom_fonts/font = ExtResource( 5 )
text = "Give it a shot!"
percent_visible = 1.0
lines_skipped = 0
max_lines_visible = -1
_sections_unfolded = [ "Rect", "custom_fonts" ]

[node name="Awesomebutton" type="Button" parent="." index="41"]

visible = false
anchor_left = 0.0
anchor_top = 0.0
anchor_right = 0.0
anchor_bottom = 0.0
margin_left = 324.0
margin_top = 407.0
margin_right = 467.0
margin_bottom = 463.0
rect_pivot_offset = Vector2( 0, 0 )
rect_clip_content = false
focus_mode = 2
mouse_filter = 0
mouse_default_cursor_shape = 0
size_flags_horizontal = 1
size_flags_vertical = 1
custom_fonts/font = ExtResource( 8 )
toggle_mode = false
enabled_focus_mode = 2
shortcut = null
group = null
text = "Awesome!"
flat = false
align = 1
_sections_unfolded = [ "custom_fonts" ]

[node name="Label" type="Label" parent="Awesomebutton" index="0"]

anchor_left = 0.0
anchor_top = 0.0
anchor_right = 0.0
anchor_bottom = 0.0
margin_left = -308.0
margin_top = -124.0
margin_right = 482.0
margin_bottom = -8.0
rect_pivot_offset = Vector2( 0, 0 )
rect_clip_content = false
mouse_filter = 2
mouse_default_cursor_shape = 0
size_flags_horizontal = 1
size_flags_vertical = 4
custom_fonts/font = ExtResource( 6 )
custom_colors/font_color = Color( 0.855469, 0.567667, 0.1604, 1 )
custom_colors/font_color_shadow = Color( 0, 0, 0, 1 )
custom_constants/shadow_offset_x = 10
custom_constants/shadow_offset_y = 10
text = "Board Complete."
percent_visible = 1.0
lines_skipped = 0
max_lines_visible = -1
_sections_unfolded = [ "custom_colors", "custom_constants", "custom_fonts" ]

[node name="StartSound" type="AudioStreamPlayer" parent="." index="42"]

stream = ExtResource( 9 )
volume_db = 0.0
autoplay = true
mix_target = 0
bus = "SFX"

[node name="FailedSound" type="AudioStreamPlayer" parent="." index="43"]

stream = ExtResource( 10 )
volume_db = 0.0
autoplay = false
mix_target = 0
bus = "SFX"

[node name="CompleteSound" type="AudioStreamPlayer" parent="." index="44"]

stream = ExtResource( 11 )
volume_db = 0.0
autoplay = false
mix_target = 0
bus = "SFX"

[node name="PlaceSound" type="AudioStreamPlayer" parent="." index="45"]

stream = ExtResource( 12 )
volume_db = -10.0
autoplay = false
mix_target = 0
bus = "SFX"

[node name="SelectSound" type="AudioStreamPlayer" parent="." index="46"]

stream = ExtResource( 13 )
volume_db = -10.0
autoplay = false
mix_target = 0
bus = "SFX"

[node name="GradingTimer" type="Timer" parent="." index="47"]

process_mode = 1
wait_time = 45.0
one_shot = false
autostart = true

[connection signal="pressed" from="Button" to="." method="check_board"]

[connection signal="pressed" from="Awesomebutton" to="." method="_on_Awesomebutton_pressed"]

[connection signal="timeout" from="GradingTimer" to="." method="_on_GradingTimer_timeout"]


